
@inproceedings{DBLP:conf/kdd/GuoLI16,
  author    = {Xiaoxiao Guo and
               Wei Li and
               Francesco Iorio},
  title     = {Convolutional Neural Networks for Steady Flow Approximation},
  booktitle = {SIGKDD},
  year      = {2016},
}

@article{ling2016reynolds,
  title={Reynolds averaged turbulence modelling using deep neural networks with embedded invariance},
  author={Ling, Julia and Kurzawski, Andrew and Templeton, Jeremy},
  journal={Journal of Fluid Mechanics},
  volume={807},
  pages={155--166},
  year={2016},
  publisher={Cambridge University Press}
}


@article{WuPhysics,
  title={Physics-Informed Machine Learning Approach for Augmenting Turbulence Models: A Comprehensive Framework},
  author={Wu, Jin-Long and Xiao, Heng and Paterson, Eric},
  year={2018},
}

@article{Maulik2019Subgrid,
  title={Subgrid modelling for two-dimensional turbulence using neural networks},
  author={Maulik, R. and San, O. and Rasheed, A. and Vedula, P.},
  journal={Journal of Fluid Mechanics},
  year={2019},
}

@article{MSurrogate,
author = {Ahmed, Mahmoud and Qin, Ning},
year = {2009},
month = {05},
pages = {1-26},
title = {Surrogate-Based Aerodynamic Design Optimization: Use of Surrogates in Aerodynamic Design Optimization},
volume = {13},
journal = {International Conference on Aerospace Sciences and Aviation Technology},
doi = {10.21608/asat.2009.23442}
}

@article{LarsSpeed,
  title={Speed–accuracy tradeoffs in animal decision making},
  author={Lars Chittka and Peter Skorupski and Nigel E. Raine},
  year={2009}
}

@inproceedings{DBLP:conf/nips/KrizhevskySH12,
  author    = {Alex Krizhevsky and
               Ilya Sutskever and
               Geoffrey E. Hinton},
  title     = {ImageNet Classification with Deep Convolutional Neural Networks},
  booktitle = {26th Annual
               Conference on Neural Information Processing Systems 2012.},
  year      = {2012}
}

@inproceedings{DBLP:conf/cvpr/IsolaZZE17,
  author    = {Phillip Isola and
               Jun{-}Yan Zhu and
               Tinghui Zhou and
               Alexei A. Efros},
  title     = {Image-to-Image Translation with Conditional Adversarial Networks},
  booktitle = {CVPR},
  year      = {2017}
}

@inproceedings{DBLP:conf/iclr/KarrasALL18,
  author    = {Tero Karras and
               Timo Aila and
               Samuli Laine and
               Jaakko Lehtinen},
  title     = {Progressive Growing of GANs for Improved Quality, Stability, and Variation},
  booktitle = {ICLR},
  year      = {2018}
}

@article{DBLP:journals/corr/abs-1810-08217,
  author    = {Nils Thuerey and
               Konstantin Weissenow and
               Harshit Mehrotra and
               Nischal Mainali and
               Lukas Prantl and
               Xiangyu Hu},
  title     = {Well, how accurate is it? {A} Study of Deep Learning Methods for Reynolds-Averaged
               Navier-Stokes Simulations},
  journal   = {CoRR},
  year      = {2018},
}

@article{thuerey2019deep,
  title={Deep Learning Methods for Reynolds-Averaged Navier--Stokes Simulations of Airfoil Flows},
  author={Thuerey, Nils and Weissenow, Konstantin and Prantl, Lukas and Hu, Xiangyu},
  journal={AIAA Journal},
  pages={1--12},
  year={2019},
  publisher={American Institute of Aeronautics and Astronautics}
}


@inproceedings{DBLP:conf/nips/MnihHGK14,
  author    = {Volodymyr Mnih and
               Nicolas Heess and
               Alex Graves and
               Koray Kavukcuoglu},
  title     = {Recurrent Models of Visual Attention},
  booktitle = {Annual Conference
               on Neural Information Processing Systems 2014},
  year      = {2014},
}

@inproceedings{DBLP:conf/eccv/WooPLK18,
  author    = {Sanghyun Woo and
               Jongchan Park and
               Joon{-}Young Lee and
               In So Kweon},
  title     = {{CBAM:} Convolutional Block Attention Module},
  booktitle = {ECCV},
  year      = {2018}
}

@inproceedings{DBLP:conf/iclr/MolchanovTKAK17,
  author    = {Pavlo Molchanov and
               Stephen Tyree and
               Tero Karras and
               Timo Aila and
               Jan Kautz},
  title     = {Pruning Convolutional Neural Networks for Resource Efficient Inference},
  booktitle = {ICLR},
  year      = {2017}
}

@inproceedings{DBLP:conf/nips/CunDS89,
  author    = {Yann LeCun and
               John S. Denker and
               Sara A. Solla},
  title     = {Optimal Brain Damage},
  booktitle = {NIPS},
  year      = {1989},
}

@inproceedings{DBLP:conf/cvpr/HuSS18,
  author    = {Jie Hu and
               Li Shen and
               Gang Sun},
  title     = {Squeeze-and-Excitation Networks},
  booktitle = {CVPR},
  year      = {2018}
}

@inproceedings{DBLP:conf/bmvc/ParkWLK18,
  author    = {Jongchan Park and
               Sanghyun Woo and
               Joon{-}Young Lee and
               In So Kweon},
  title     = {{BAM:} Bottleneck Attention Module},
  booktitle = {BMVC},
  year      = {2018},
}

@inproceedings{DBLP:conf/nips/KlambauerUMH17,
  author    = {G{\"{u}}nter Klambauer and
               Thomas Unterthiner and
               Andreas Mayr and
               Sepp Hochreiter},
  title     = {Self-Normalizing Neural Networks},
  booktitle = {Annual Conference
               on Neural Information Processing Systems 2017},
  year      = {2017},
}

@article{DBLP:journals/corr/abs-1908-04387,
  author    = {Muhammad K. A. Hamdan and
               Daine Rover and
               John Just},
  title     = {Mass Estimation from Images using Deep Neural Network and Sparse Ground
               Truth},
  journal   = {CoRR},
  volume    = {abs/1908.04387},
  year      = {2019},
  url       = {http://arxiv.org/abs/1908.04387},
  archivePrefix = {arXiv},
  eprint    = {1908.04387},
  timestamp = {Mon, 19 Aug 2019 13:21:03 +0200},
  biburl    = {https://dblp.org/rec/bib/journals/corr/abs-1908-04387},
  bibsource = {dblp computer science bibliography, https://dblp.org}
}

@incollection{NIPS2019_9015,
title = {PyTorch: An Imperative Style, High-Performance Deep Learning Library},
author = {Paszke, Adam and Gross, Sam and Massa, Francisco and Lerer, Adam and Bradbury, James and Chanan, Gregory and Killeen, Trevor and Lin, Zeming and Gimelshein, Natalia and Antiga, Luca and Desmaison, Alban and Kopf, Andreas and Yang, Edward and DeVito, Zachary and Raison, Martin and Tejani, Alykhan and Chilamkurthy, Sasank and Steiner, Benoit and Fang, Lu and Bai, Junjie and Chintala, Soumith},
booktitle = {Advances in Neural Information Processing Systems 32},
year = {2019},
}

@book{DBLP:books/daglib/0040693,
  author    = {J. Nathan Kutz and
               Steven L. Brunton and
               Bingni W. Brunton and
               Joshua L. Proctor},
  title     = {Dynamic mode decomposition - data-driven modeling of complex systems},
  publisher = {{SIAM}},
  year      = {2016},
}

@book{Forsythe1960Finite,
  title={Finite-difference methods for partial differential equations /},
  author={Forsythe, George Elmer and Wasow, Wolfgang Richard},
  year={1960},
}

@article{lee2019data,
  title={Data-driven prediction of unsteady flow over a circular cylinder using deep learning},
  author={Lee, Sangseung and You, Donghyun},
  journal={Journal of Fluid Mechanics},
  volume={879},
  pages={217--254},
  year={2019},
  publisher={Cambridge University Press}
}

@inproceedings{DBLP:journals/corr/ClevertUH15,
  author    = {Djork{-}Arn{\'{e}} Clevert and
               Thomas Unterthiner and
               Sepp Hochreiter},
  title     = {Fast and Accurate Deep Network Learning by Exponential Linear Units
               (ELUs)},
  booktitle = {ICLR},
  year      = {2016}
}

@article{Strang1974An,
  title={An Analysis of the Finite Element Method},
  author={Strang, Gilbert},
  year={1974},
}

@article{Eymard2000The,
  title={The Finite Volume Method},
  author={Eymard, R. and Gallouët, T. and Herbin, R.},
  journal={Handbook of Numerical Analysis},
  year={2000},
}

@article{LBM1998,
	author = {Chen, Shiyi and Doolen, Gary D.},
	title = {LATTICE BOLTZMANN METHOD FOR FLUID FLOWS},
	journal = {Annual Review of Fluid Mechanics},
	year = {1998},
}

@article{DBLP:journals/cma/ChenCY18,
  author    = {Ying{-}Xuan Chen and
               Shing{-}Cheng Chang and
               Wen{-}Bin Young},
  title     = {Application of lattice Boltzmann method in free surface flow simulation
               of micro injection molding},
  journal   = {Computers {\&} Mathematics with Applications},
  year      = {2018},
}

@article{DBLP:journals/cma/OsakiHKSKT19,
  author    = {Susumu Osaki and
               Kosuke Hayashi and
               Hidehito Kimura and
               Takeshi Seta and
               Eiji Kohmura and
               Akio Tomiyama},
  title     = {Numerical simulations of flows in cerebral aneurysms using the lattice
               Boltzmann method with single- and multiple-relaxation time collision
               models},
  journal   = {Computers {\&} Mathematics with Applications},
  year      = {2019},
}

@inproceedings{DBLP:conf/sc/VardhanGHDR19,
  author    = {Madhurima Vardhan and
               John Gounley and
               Luiz Hegele and
               Erik W. Draeger and
               Amanda Randles},
  title     = {Moment representation in the lattice Boltzmann method on massively
               parallel hardware},
  booktitle = {SC},
  year      = {2019},
}

@inproceedings{DBLP:conf/ipps/LiuCLMSHXFY19,
  author    = {Zhao Liu and
               XueSen Chu and
               Xiaojing Lv and
               Hongsong Meng and
               Shupeng Shi and
               Wenji Han and
               Jingheng Xu and
               Haohuan Fu and
               Guangwen Yang},
  title     = {SunwayLB: Enabling Extreme-Scale Lattice Boltzmann Method Based Computing
               Fluid Dynamics Simulations on Sunway TaihuLight},
  booktitle = {IPDPS},
  year      = {2019},
}

@article{balabanov1999reasonable,
  title={Reasonable design space approach to response surface approximation},
  author={Balabanov, Vladimir O and Giunta, Antony A and Golovidov, Oleg and Grossman, Bernard and Mason, William H and Watson, Layne T and Haftka, Raphael T},
  journal={Journal of Aircraft},
  volume={36},
  number={1},
  pages={308--315},
  year={1999}
}

@article{SongSurrogate,
  title={Surrogate-Based Aerodynamic Shape Optimization of a Civil Aircraft Engine Nacelle},
  author={Song, Wenbin and Keane, Andy J.},
  journal={Aiaa Journal},
  year={2007},
}

@article{DBLP:journals/tnn/ChenCG91,
  author    = {Shang{-}Liang Chen and
               Colin F. N. Cowan and
               Peter M. Grant},
  title     = {Orthogonal least squares learning algorithm for radial basis function
               networks},
  journal   = {{IEEE} Trans. Neural Networks},
  year      = {1991},
}

@article{ernst1981nonlinear,
  title={Nonlinear model-Boltzmann equations and exact solutions},
  author={Ernst, Matthieu H},
  journal={Physics Reports},
  year={1981}
}

@book{constantin1988navier,
  title={Navier-stokes equations},
  author={Constantin, Peter and Foias, Ciprian},
  year={1988}
}

@article{daberkow1998new,
  title={New approaches to conceptual and preliminary aircraft design: A comparative assessment of a neural network formulation and a response surface methodology},
  author={Daberkow, Debora Daniela and Mavris, Dimitri N},
  year={1998},
  publisher={Georgia Institute of Technology}
}

@article{huang2011optimal,
  title={Optimal design of aeroengine turbine disc based on kriging surrogate models},
  author={Huang, Zhangjun and Wang, Chengen and Chen, Jian and Tian, Hong},
  journal={Computers \& structures},
  volume={89},
  number={1-2},
  pages={27--37},
  year={2011},
  publisher={Elsevier}
}

@inproceedings{DBLP:conf/ijcai/HungCCY19,
  author    = {Yun{-}Ning Hung and
               I{-}Tung Chiang and
               Yi{-}An Chen and
               Yi{-}Hsuan Yang},
  title     = {Musical Composition Style Transfer via Disentangled Timbre Representations},
  booktitle = {IJCAI},
  year      = {2019}
}

@article{DBLP:journals/corr/abs-1903-04411,
  author    = {Zhewei Huang and
               Wen Heng and
               Shuchang Zhou},
  title     = {Learning to Paint with Model-based Deep Reinforcement Learning},
  journal   = {CoRR},
  volume    = {abs/1903.04411},
  year      = {2019},
  url       = {http://arxiv.org/abs/1903.04411},
  archivePrefix = {arXiv},
  eprint    = {1903.04411},
  timestamp = {Sun, 31 Mar 2019 19:01:24 +0200},
  biburl    = {https://dblp.org/rec/bib/journals/corr/abs-1903-04411},
  bibsource = {dblp computer science bibliography, https://dblp.org}
}


@inproceedings{DBLP:conf/iclr/FrankleC19,
  author    = {Jonathan Frankle and
               Michael Carbin},
  title     = {The Lottery Ticket Hypothesis: Finding Sparse, Trainable Neural Networks},
  booktitle = {ICLR},
  year      = {2019},
}

@inproceedings{DBLP:conf/iclr/ZhangBHRV17,
  author    = {Chiyuan Zhang and
               Samy Bengio and
               Moritz Hardt and
               Benjamin Recht and
               Oriol Vinyals},
  title     = {Understanding deep learning requires rethinking generalization},
  booktitle = {ICLR},
  year      = {2017},
}

@article{li2016parallelizing,
  title={Parallelizing and optimizing large-scale 3D multi-phase flow simulations on the Tianhe-2 supercomputer},
  author={Li, Dali and Xu, Chuanfu and Wang, Yongxian and Song, Zhifang and Xiong, Min and Gao, Xiang and Deng, Xiaogang},
  journal={Concurrency and Computation: Practice and Experience},
  volume={28},
  number={5},
  pages={1678--1692},
  year={2016},
  publisher={Wiley Online Library}
}

@book{farrashkhalvat2003basic,
  title={Basic Structured Grid Generation: With an introduction to unstructured grid generation},
  author={Farrashkhalvat, M and Miles, JP},
  year={2003},
  publisher={Elsevier}
}

@book{blazek2015computational,
  title={Computational fluid dynamics: principles and applications},
  author={Blazek, Jiri},
  year={2015},
  publisher={Butterworth-Heinemann}
}

@article{geneva2019quantifying,
  title={Quantifying model form uncertainty in Reynolds-averaged turbulence models with Bayesian deep neural networks},
  author={Geneva, Nicholas and Zabaras, Nicholas},
  journal={Journal of Computational Physics},
  volume={383},
  pages={125--147},
  year={2019},
  publisher={Elsevier}
}

@article{bhatnagar2019prediction,
  title={Prediction of aerodynamic flow fields using convolutional neural networks},
  author={Bhatnagar, Saakaar and Afshar, Yaser and Pan, Shaowu and Duraisamy, Karthik and Kaushik, Shailendra},
  journal={Computational Mechanics},
  pages={1--21},
  year={2019},
  publisher={Springer}
}

@article{wittum1989multi,
  title={Multi-grid methods for Stokes and Navier-Stokes equations},
  author={Wittum, Gabriel},
  journal={Numerische Mathematik},
  volume={54},
  number={5},
  pages={543--563},
  year={1989},
  publisher={Springer}
}

@inproceedings{fang2011comprehensive,
  title={A comprehensive performance comparison of CUDA and OpenCL},
  author={Fang, Jianbin and Varbanescu, Ana Lucia and Sips, Henk},
  booktitle={2011 International Conference on Parallel Processing},
  pages={216--225},
  year={2011},
  organization={IEEE}
}

@article{odena2016deconvolution,
  title={Deconvolution and checkerboard artifacts},
  author={Odena, Augustus and Dumoulin, Vincent and Olah, Chris},
  journal={Distill},
  volume={1},
  number={10},
  pages={e3},
  year={2016}
}

@article{DBLP:journals/corr/abs-1901-06032,
  author    = {Asifullah Khan and
               Anabia Sohail and
               Umme Zahoora and
               Aqsa Saeed Qureshi},
  title     = {A Survey of the Recent Architectures of Deep Convolutional Neural
               Networks},
  journal   = {CoRR},
  volume    = {abs/1901.06032},
  year      = {2019}
}

@book{UIUCsite,
title = "UIUC airfoil data site",
author = "Selig, {Michael S.}",
year = "1996",
language = "English (US)",
publisher = "Department of Aeronautical and Astronautical Engineering University of Illinois at Urbana-Champaign",
}

@inproceedings{DBLP:conf/cvpr/LongSD15,
  author    = {Jonathan Long and
               Evan Shelhamer and
               Trevor Darrell},
  year      = {2015},
  title     = {Fully convolutional networks for semantic segmentation},
  booktitle = {{IEEE} Conference on Computer Vision and Pattern Recognition, {CVPR}
               2015, Boston, MA, USA, June 7-12, 2015}

}

@inproceedings{DBLP:conf/miccai/RonnebergerFB15,
  author    = {Olaf Ronneberger and
               Philipp Fischer and
               Thomas Brox},
  editor    = {Nassir Navab and
               Joachim Hornegger and
               William M. Wells III and
               Alejandro F. Frangi},
  title     = {U-Net: Convolutional Networks for Biomedical Image Segmentation},
  booktitle = {Medical Image Computing and Computer-Assisted Intervention - {MICCAI}
               2015 - 18th International Conference Munich, Germany, October 5 -
               9, 2015, Proceedings, Part {III}},
  year      = {2015}
}

@inproceedings{DBLP:conf/miccai/ZhouSTL18,
  author    = {Zongwei Zhou and
               Md Mahfuzur Rahman Siddiquee and
               Nima Tajbakhsh and
               Jianming Liang},
  title     = {UNet++: {A} Nested U-Net Architecture for Medical Image Segmentation},
  booktitle = {{MICCAI}},
  series    = {Lecture Notes in Computer Science},
  year      = {2018}
}

@inproceedings{CycleGAN2017,
  title={Unpaired Image-to-Image Translation using Cycle-Consistent Adversarial Networkss},
  author={Zhu, Jun-Yan and Park, Taesung and Isola, Phillip and Efros, Alexei A},
  booktitle={Computer Vision (ICCV), 2017 IEEE International Conference on},
  year={2017}
}


@inproceedings{isola2017image,
  title={Image-to-Image Translation with Conditional Adversarial Networks},
  author={Isola, Phillip and Zhu, Jun-Yan and Zhou, Tinghui and Efros, Alexei A},
  booktitle={Computer Vision and Pattern Recognition (CVPR), 2017 IEEE Conference on},
  year={2017}
}

@inproceedings{DBLP:conf/cvpr/AmodioK19,
  author    = {Matthew Amodio and
               Smita Krishnaswamy},
  title     = {TraVeLGAN: Image-To-Image Translation by Transformation Vector Learning},
  booktitle = {{IEEE} Conference on Computer Vision and Pattern Recognition, {CVPR}
               2019, Long Beach, CA, USA, June 16-20, 2019},
  year      = {2019}
}

@inproceedings{DBLP:journals/nips2019,
  author    = {Rui Wang and
               Karthik Kashinath and
               Mustafa Mustafa and
               Adrian Albert and
               Rose Yu},
  title     = {Towards Physics-informed Deep Learning for Turbulent Flow Prediction},
  booktitle = {{KDD}},
  year      = {2020}
}

@inproceedings{DBLP:conf/ijcai/AdityaYB19,
  author    = {Somak Aditya and
               Yezhou Yang and
               Chitta Baral},
  editor    = {Sarit Kraus},
  title     = {Integrating Knowledge and Reasoning in Image Understanding},
  booktitle = {Proceedings of the Twenty-Eighth International Joint Conference on
               Artificial Intelligence, {IJCAI} 2019, Macao, China, August 10-16,
               2019},
  year      = {2019}
}

@article{DBLP:journals/corr/abs-1901-07761,
  author    = {Yiquan Zhang and
               Airong Chen and
               Bo Peng and
               Xiaoyi Zhou and
               Dalei Wang},
  title     = {A deep Convolutional Neural Network for topology optimization with
               strong generalization ability},
  journal   = {CoRR},
  year      = {2019}
}

@inproceedings{DBLP:conf/nips/GreydanusDY19,
  author    = {Samuel Greydanus and
               Misko Dzamba and
               Jason Yosinski},
  editor    = {Hanna M. Wallach and
               Hugo Larochelle and
               Alina Beygelzimer and
               Florence d'Alch{\'{e}}{-}Buc and
               Emily B. Fox and
               Roman Garnett},
  title     = {Hamiltonian Neural Networks},
  booktitle = {NeurIPS 2019},
  year      = {2019}
}

@article{DBLP:journals/corr/abs-1711-10561,
  author    = {Maziar Raissi and
               Paris Perdikaris and
               George E. Karniadakis},
  title     = {Physics Informed Deep Learning (Part {I):} Data-driven Solutions of
               Nonlinear Partial Differential Equations},
  journal   = {CoRR},
  volume    = {abs/1711.10561},
  year      = {2017}
}

@inproceedings{DBLP:conf/iclr/LiuSZHD19,
  author    = {Zhuang Liu and
               Mingjie Sun and
               Tinghui Zhou and
               Gao Huang and
               Trevor Darrell},
  title     = {Rethinking the Value of Network Pruning},
  booktitle = {7th International Conference on Learning Representations, {ICLR} 2019,
               New Orleans, LA, USA, May 6-9, 2019},
  publisher = {OpenReview.net},
  year      = {2019}
}

@inproceedings{kim2017learning,
  title={Learning to discover cross-domain relations with generative adversarial networks},
  author={Kim, Taeksoo and Cha, Moonsu and Kim, Hyunsoo and Lee, Jung Kwon and Kim, Jiwon},
  booktitle={Proceedings of the 34th International Conference on Machine Learning-Volume 70},
  pages={1857--1865},
  year={2017},
  organization={JMLR. org}
}
