% This file was created with JabRef 2.5.
% Encoding: UTF-8

@article{JAMA-喷嚏,
    author = {Bourouiba, Lydia},
    title = "{Turbulent Gas Clouds and Respiratory Pathogen Emissions: Potential Implications for Reducing Transmission of COVID-19}",
    journal = {JAMA},
    volume = {323},
    number = {18},
    pages = {1837-1838},
    year = {2020},
    month = {05},
    issn = {0098-7484},
    doi = {10.1001/jama.2020.4756},
    url = {https://doi.org/10.1001/jama.2020.4756}
}

@article{代理模型,
  title={Aircraft Multidisciplinary Design Optimization Using Design of Experimental Theory and Response Surface Modeling Methods},
  author={ Guinta, A. A. },
  journal={Ph. D. Dissertation, Department o Aerospace Engineering},
  year={1997},
}

@article{降阶模型,
author = {Legresley, Patrick and Alonso, Juan and Alonso, Patrick},
year = {2001},
month = {02},
pages = {},
title = {Investigation of Non-Linear Projection for POD Based Reduced Order Models for Aerodynamics},
doi = {10.2514/6.2001-926}
}

@article{深度信念网络,
  title={Reducing the dimensionality of data with neural networks},
  author={Hinton, Geoffrey E and Salakhutdinov, Ruslan R},
  journal={science},
  volume={313},
  number={5786},
  pages={504--507},
  year={2006},
  publisher={American Association for the Advancement of Science}
}

@article{增升减阻ep,
  title={The aerodynamic design of multi-element high-lift systems for transport airplanes},
  author={C.P. van Dam},
  volume={38},
  number={2},
  pages={101-144},
  year={2002},
}

@article{70年代1,
author = {Hicks, R. and Murman, E. and Vanderplaats, Garret},
year = {1974},
month = {01},
pages = {},
title = {An assessment of airfoil design by numerical optimization}
}

@article{70年代2,
author = {Vanderplaats, Garret and Hicks, Raymond and Murman, Earll},
year = {1975},
month = {01},
pages = {},
title = {Application of Numerical Optimization Techniques to Airfoil Design}
}

@article{2000Aerodynamic,
  title={Aerodynamic and Aeroacoustic Optimization of Rotorcraft Airfoils via a Parallel Genetic Algorithm},
  author={ Jones, Brian R.  and  Crossley, William A.  and  Lyrintzis, Anastasios S. },
  journal={Journal of Aircraft},
  volume={37},
  number={6},
  pages={1088-1096},
  year={2000},
}

@article{Genetic,
author = {Vicini, Alessandro and Quagliarella, D.},
year = {1997},
month = {09},
pages = {1499-1505},
title = {Inverse and Direct Airfoil Design Using a Multiobjective Genetic Algorithm},
volume = {35},
journal = {Aiaa Journal - AIAA J},
doi = {10.2514/2.274}
}

@inproceedings{Obayashi1995Genetic,
  title={Genetic algorithm for aerodynamic inverse optimization problems},
  author={Obayashi, Shigeru and Takanashi, Susumu},
  booktitle={Genetic Algorithms in Engineering Systems: Innovations and Applications, 1995. GALESIA. First International Conference on (Conf. Publ. No. 414)},
  year={1995},
}

@book{Jameson2000Aerodynamic,
  title={Aerodynamic shape optimization techniques based on control theory},
  author={Jameson, Antony and Martinelli, Luigi},
  publisher={Springer Berlin Heidelberg},
  year={2000},
}

@article{Kanazaki2007Multi,
  title={Multi-Objective Aerodynamic Exploration of Elements' Setting for High-Lift Airfoil Using Kriging Model},
  author={Kanazaki, Masahiro and Tanaka, Kentaro and Jeong, Shinkyu and Yamamoto, Kazuomi},
  journal={Journal of the Japan Society for Aeronautical Spaceences},
  volume={54},
  number={3},
  pages={419-426},
  year={2007},
}

@article{张罗,
  title={飞翼布局隐身翼型优化设计},
  author={张彬乾 and 罗烈 and 陈真利 and 沈冬 and 焦子涵 and 袁广田},
  journal={航空学报},
  volume={35},
  number={4},
  pages={957-967},
  year={2014},
}

@article{Ame,
author = {Ju, Yaping and Zhang, Chuhua and Ma, Lin},
year = {2016},
month = {05},
pages = {},
title = {Artificial intelligence metamodel comparison and application to wind turbine airfoil uncertainty analysis},
volume = {8},
journal = {Advances in Mechanical Engineering},
doi = {10.1177/1687814016647317}
}

@article{Kapsoulis2018Evolutionary,
  title={Evolutionary multi-objective optimization assisted by metamodels, kernel PCA and multi-criteria decision making techniques with applications in aerodynamics},
  author={Kapsoulis, Dimitrios and Tsiakas, Konstantinos and Trompoukis, Xenofon and Asouti, Varvara and Giannakoglou, Kyriakos},
  journal={Applied Soft Computing},
  volume={64},
  pages={1-13},
  year={2018},
}

@article{陈海2018,
  title={基于深度学习的翼型气动系数预测},
  author={陈海 and 钱炜祺 and 何磊},
  journal={空气动力学学报},
  volume={36},
  number={002},
  pages={294-299},
  year={2018},
}

@article{惠心雨2019,
  title={基于深度学习的非定常周期性流动预测方法},
  author={惠心雨 and 袁泽龙 and 白俊强 and 张扬 and 陈刚},
  journal={空气动力学学报},
  volume={37},
  number={03},
  year={2019},
}

@article{2017An,
  title={An Efficient Deep Learning Technique for the Navier-Stokes Equations: Application to Unsteady Wake Flow Dynamics},
  author={ Miyanawala, Tharindu P  and  Jaiman, Rajeev K },
  year={2017},
}

@article{2020Combining,
  title={Combining Differentiable PDE Solvers and Graph Neural Networks for Fluid Flow Prediction},
  author={ Belbute-Peres, Filipe De Avila  and  Economon, Thomas D.  and  Kolter, J. Zico },
  year={2020},
}


@article{dnnsurvey,
author = {Minar, Matiur Rahman and Naher, Jibon},
year = {2018},
month = {02},
pages = {},
title = {Recent Advances in Deep Learning: An Overview},
doi = {10.13140/RG.2.2.24831.10403}
}

@article{Bengio2013Representation,
  title={Representation Learning: A Review and New Perspectives},
  author={Bengio and Yoshua and Courville and Aaron and Vincent and Pascal},
  journal={IEEE Transactions on Pattern Analysis Machine Intelligence},
  volume={35},
  number={8},
  pages={1798-1828},
  year={2013},
}

@article{Lecun1998Gradient,
  title={Gradient-based learning applied to document recognition},
  author={Lecun, Y and Bottou, L},
  journal={Proceedings of the IEEE},
  volume={86},
  number={11},
  pages={2278-2324},
  year={1998},
}

@article{Williams2014A,
  title={A Learning Algorithm for Continually Running Fully Recurrent Neural Networks},
  author={Williams, R and Zipser, D},
  journal={Neural Computation},
  volume={1},
  number={2},
  pages={270-280},
  year={2014},
}

@article{GAN,
author = {Goodfellow, Ian and Pouget-Abadie, Jean and Mirza, Mehdi and Xu, Bing and Warde-Farley, David and Ozair, Sherjil and Courville, Aaron and Bengio, Y.},
year = {2014},
month = {06},
pages = {},
title = {Generative Adversarial Nets},
journal = {ArXiv}
}

@article{Deepreinforcementlearning,
  title={Playing Atari with Deep Reinforcement Learning},
  author={Vincent Fran？oisLavet and Raphael Fonteneau and Damien Ernst},
  journal={Computer Ence},
  year={2015},
}

@article{2016Semi,
  title={Semi-Supervised Classification with Graph Convolutional Networks},
  author={ Kipf, Thomas N.  and  Welling, Max },
  year={2016},
}

@article{图像分割方法综述,
  title={图像分割方法综述研究},
  author={周莉莉 and 姜枫},
  journal={计算机应用研究},
  volume={34},
  number={007},
  pages={1921-1928},
  year={2017},
}

@article{Long2015Fully,
  title={Fully Convolutional Networks for Semantic Segmentation},
  author={Long, Jonathan and Shelhamer, Evan and Darrell, Trevor},
  journal={IEEE Transactions on Pattern Analysis  Machine Intelligence},
  volume={39},
  number={4},
  pages={640-651},
  year={2015},
}

@article{2014Very,
  title={Very Deep Convolutional Networks for Large-Scale Image Recognition},
  author={ Simonyan, Karen  and  Zisserman, Andrew },
  journal={Computer ence},
  year={2014},
}

@article{2016V,
  title={V-Net: Fully Convolutional Neural Networks for Volumetric Medical Image Segmentation},
  author={ Milletari, Fausto  and  Navab, Nassir  and  Ahmadi, Seyed Ahmad },
  year={2016},
}

@inproceedings{unet++,
author = {Zhou, Zongwei and Rahman Siddiquee, Md Mahfuzur and Tajbakhsh, Nima and Liang, Jianming},
year = {2018},
month = {07},
pages = {},
title = {UNet++: A Nested U-Net Architecture for Medical Image Segmentation}
}

@article{unetplus,
  title={U-NetPlus: A Modified Encoder-Decoder U-Net Architecture for Semantic and Instance Segmentation of Surgical Instrument},
  author={ Hasan, S. M. Kamrul  and  Linte, Cristian A },
  year={2019},
}

@article{20193D,
  title={3D U$^2$-Net: A 3D Universal U-Net for Multi-Domain Medical Image Segmentation},
  author={ Huang, Chao  and  Han, Hu  and  Yao, Qingsong  and  Zhu, Shankuan  and  Zhou, S. Kevin },
  year={2019},
}

@article{cGAN,
author = {Mirza, Mehdi and Osindero, Simon},
year = {2014},
month = {11},
pages = {},
title = {Conditional Generative Adversarial Nets}
}

@article{Y1992Lattice,
  title={Lattice BGK Models for Navier-Stokes Equation},
  author={Y. and H. and Qian and D. and D'Humières and P. and Lallemand},
  journal={EPL (Europhysics Letters)},
  year={1992},
}

@article{Hu2017Squeeze,
  title={Squeeze-and-Excitation Networks},
  author={Hu, Jie and Shen, Li and Albanie, Samuel and Sun, Gang and Wu, Enhua},
  journal={IEEE Transactions on Pattern Analysis Machine Intelligence},
  volume={PP},
  number={99},
  year={2017},
}

@inproceedings{LiftCoefficient,
author = {Zhang, Yao and Sung, Woongje and Mavris, Dimitri},
year = {2018},
month = {01},
pages = {},
title = {Application of Convolutional Neural Network to Predict Airfoil Lift Coefficient},
doi = {10.2514/6.2018-1903}
}

@article{invariance,
author = {Ling, Julia and Kurzawski, Andrew and Templeton, Jeremy},
year = {2016},
month = {11},
pages = {155-166},
title = {Reynolds averaged turbulence modelling using deep neural networks with embedded invariance},
volume = {807},
journal = {Journal of Fluid Mechanics},
doi = {10.1017/jfm.2016.615}
}

@inproceedings{cfdnet,
author = {Obiols-Sales, Octavi and Vishnu, Abhinav and Malaya, Nicholas and Chandramowliswharan, Aparna},
year = {2020},
month = {06},
pages = {1-12},
title = {CFDNet: a deep learning-based accelerator for fluid simulations},
booktitle = {{International Conference on Supercomputing，ICS}},
doi = {10.1145/3392717.3392772}
}

@article{1998A,
  title={A dynamic mixed subgrid﹕cale model and its application to turbulent recirculating flows},
  author={ Zang, Yan  and  Street, Robert L.  and  Koseff, Jeffrey R. },
  journal={Physics of Fluids A: Fluid Dynamics},
  volume={5},
  number={12},
  pages={3186},
  year={1998},
}

@article{SAequation,
author = {Spalart, Philippe and Allmaras, Steven},
year = {1992},
month = {01},
pages = {},
title = {A One-Equation Turbulence Model for Aerodynamic Flows},
volume = {439},
journal = {AIAA},
doi = {10.2514/6.1992-439}
}

@article{schmitt2007boussinesq,
  title={About Boussinesq's turbulent viscosity hypothesis: historical remarks and a direct evaluation of its validity},
  author={Schmitt, Fran{\c{c}}ois G},
  journal={Comptes Rendus M{\'e}canique},
  volume={335},
  number={9-10},
  pages={617--627},
  year={2007},
  publisher={Elsevier}
}

@inproceedings{2010Rectified,
  title={Rectified Linear Units Improve Restricted Boltzmann Machines Vinod Nair},
  author={ Nair, Vinod  and  Hinton, Geoffrey E. },
  booktitle={Proceedings of the 27th International Conference on Machine Learning (ICML-10), June 21-24, 2010, Haifa, Israel},
  year={2010},
}

@article{2019A,
  title={A Comprehensive Survey on Graph Neural Networks},
  author={ Wu, Zonghan  and  Pan, Shirui  and  Chen, Fengwen  and  Long, Guodong  and  Zhang, Chengqi  and  Yu, Philip S. },
  journal={IEEE Transactions on Neural Networks and Learning Systems},
  year={2019},
}

@article{2015SU2,
  title={SU2: An Open-Source Suite for Multiphysics Simulation and Design},
  author={ Economon, Thomas D  and  Palacios, Francisco  and  Copeland, Sean R  and  Lukaczyk, Trent W  and  Alonso, Juan J },
  journal={AIAA Journal},
  pages={1-19},
  year={2015},
}

@article{gmsh,
author = {Geuzaine, Christophe and Remacle, Jean-François},
year = {2008},
month = {01},
pages = {},
title = {Gmsh reference manual: the documentation for Gmsh, a finite element mesh generator with built-in pre-and post-processing facilities},
journal = {URL http://www. geuz. org/gmsh}
}


